%%%%%%%%%%%%%%%%%%%%%%%%%%%%%%%%
%            CCC               %
%%%%%%%%%%%%%%%%%%%%%%%%%%%%%%%%

@proceedings{DBLP:conf/coco/2016,
  editor    = {Ran Raz},
  title     = {31st Conference on Computational Complexity, {CCC} 2016, May 29 to
               June 1, 2016, Tokyo, Japan},
  series    = {LIPIcs},
  volume    = {50},
  publisher = {Schloss Dagstuhl - Leibniz-Zentrum fuer Informatik},
  year      = {2016},
  url       = {http://www.dagstuhl.de/dagpub/978-3-95977-008-8},
  isbn      = {978-3-95977-008-8},
}

@proceedings{DBLP:conf/coco/2017,
  editor    = {Ryan O'Donnell},
  title     = {32nd Computational Complexity Conference, {CCC} 2017, July 6-9, 2017,
               Riga, Latvia},
  series    = {LIPIcs},
  volume    = {79},
  publisher = {Schloss Dagstuhl - Leibniz-Zentrum fuer Informatik},
  year      = {2017},
  url       = {http://www.dagstuhl.de/dagpub/978-3-95977-040-8},
  isbn      = {978-3-95977-040-8},
  timestamp = {Thu, 10 Aug 2017 16:49:48 +0200},
  biburl    = {https://dblp.org/rec/bib/conf/coco/2017},
  bibsource = {dblp computer science bibliography, https://dblp.org}
}

@proceedings{DBLP:conf/coco/2018,
  editor    = {Rocco A. Servedio},
  title     = {\CCC{2018}},
  series    = {LIPIcs},
  volume    = {102},
  publisher = {Schloss Dagstuhl - Leibniz-Zentrum fuer Informatik},
  year      = {2018},
  url       = {http://www.dagstuhl.de/dagpub/978-3-95977-069-9},
  isbn      = {978-3-95977-069-9},
  timestamp = {Mon, 04 Jun 2018 18:10:04 +0200},
  biburl    = {https://dblp.org/rec/bib/conf/coco/2018},
  bibsource = {dblp computer science bibliography, https://dblp.org}
}

%%%%%%%%%%%%%%%%%%%%%%%%%%%%%%%%
%          ICALP               %
%%%%%%%%%%%%%%%%%%%%%%%%%%%%%%%%


@proceedings{DBLP:conf/icalp/2016,
  editor    = {Ioannis Chatzigiannakis and
               Michael Mitzenmacher and
               Yuval Rabani and
               Davide Sangiorgi},
  title     = {\ICALP{2016}},
  series    = {LIPIcs},
  volume    = {55},
  publisher = {Schloss Dagstuhl - Leibniz-Zentrum fuer Informatik},
  year      = {2016},
  url       = {http://www.dagstuhl.de/dagpub/978-3-95977-013-2},
  isbn      = {978-3-95977-013-2},
}
